
@artwork{proutInteriorCathedral1852,
  title  = {Interior of a {{Cathedral}}},
  author = {Prout, Samuel},
  date   = {1852}
}

@artwork{smithGlarusSwitzerland1781,
  title  = {Near {{Glarus}}, {{Switzerland}}},
  author = {Smith, John Warwick},
  date   = {1781}
}